@Article{MacLane48,
  author = 	 {Saunders McLane},
  title = 	 {Groups, Categories and Duality},
  journal = 	 {Proceedings of the National Academy of Sciences},
  year = 	 1948,
  volume = 	 34,
  number = 	 6,
  pages = 	 {263-267}}

