@InCollection{scott67:_exist,
  author = 	 {Dana Scott},
  title = 	 {Existence and description in formal logic},
  booktitle = 	 {Bertrand Russell: Philosopher of the Century},
  publisher = {George Allen \& Unwin, London},
  year = 	 1967,
  editor = 	 {R. Schoenman},
  pages = 	 {181-200},
  note = 	 {(Reprinted with additions in: Philosophical Application of Free Logic, edited by K. Lambert. Oxford Universitry Press, 1991, pp. 28 - 48)}}

